@Book{gamma1995design,
 author = {Gamma, Erich},
 title = {Design patterns : elements of reusable object-oriented software},
 publisher = {Addison-Wesley},
 year = {1995},
 address = {Reading, Mass},
 isbn = {0201633612}
 }
 @Book{milewski2019category,
 author = {Milewski, Bartosz},
 title = {Category theory for programmers},
 publisher = {Bartosz Milewski},
 year = {2019},
 isbn = {9780464243878}
 }
 @Book{scalacats2017,
 author = {Welsh, Gurnell},
 title = {Scala with Cats},
 publisher = {Bartosz Milewski},
 year = {2017},
 howpublished = {\url{https://github.com/scalawithcats/scala-with-cats}}
 }